@article{agusanto2003,
    author  = "Kazuma Agusanto and Li Li and Zhu Chuangui and Ng Wan Sing",
    title   = "Photorealistic rendering for augmented reality using environment illumination",
    year    = "2003",
    journal = "Proceedings of the Second IEEE and ACM International Symposium on Mixed and Augmented Reality"
}

@article{pessoa2011,
    author  = "Saulo A. Pessoa and Guilherme de S. Moura and Joao Paulo S. do M. Lima and Veronica Teichrieb and Judith Kelner",
    title   = "RPR-SORS: Real-time photorealistic rendering of synthetic objects into real scenes",
    year    = "2011",
    journal = "Elsevier"
}

@article{karsh2014,
    author  = "K. Karsch and Sunkavalli K. and Hadap S.and Carr N. and Jin H. and Fonte R. and Sittig M. and Forsyth D",
    title   = "Automatic scene inference for 3d object compositing",
    year    = "2014",
    journal = "ACM Transactions on Graphics"
}

@article {xing2013,
author = {Xing, Guanyu and Zhou, Xuehong and Peng, Qunsheng and Liu, Yanli and Qin, Xueying},
title = {Lighting Simulation of Augmented Outdoor Scene Based on a Legacy Photograph},
journal = {Computer Graphics Forum},
volume = {32},
number = {7},
year = {2013},
}

@article {azuma1997,
author = {Azuma, Ronald T.},
title = {A survey of Augmented Reality},
journal = {Presence},
volume = {6},
number = {4},
year = {1997},
}

@article {zhou2008,
author = {Zhou, Feng and Been-Lirn, Henry and Billinghurst, Mark},
title = {Trends in Augmented Reality Tracking, Interaction and Display: A Review of Ten Years of ISMAR},
journal = {IEEE International Symposium on Mixed and Augmented Reality},
volume = {15},
number = {18},
year = {2008},
}

@Misc{ThreeSixty,
  author = {Chuang, Aaron and Yang, Tsung-Lin and Chee, Yon-Way},
  title = {360 degree Panorama using an Android Phone},
  year = 2010,
  howpublished = {\url{http://www.cs.cornell.edu/courses/cs4670/2010fa/projects/final/results/group_of_acc269_ty244_yc563/cs4670_final.html}},
}

@Misc{DeeSixFive,
  author = {International Commission on Illumination},
  title = {CIE Standard Illuminants for Colorimetry},
  year = 1998,
  howpublished = {\url{http://www.cie.co.at/publ/abst/s005.html}},
}

@Misc{Tango,
  author = {Google},
  title = {Tango Developer Overview},
  year = 2007,
  howpublished = {\url{https://developers.google.com/tango/developer-overview}},
}

@Misc{ARkit,
  author = {Apple},
  title = {Introducing ARKit},
  year = 2007,
  howpublished = {\url{https://developer.apple.com/arkit/}},
}

@article{Laskowski2007,
    author = {Laskowski, Maciej},
    title = {Detection of light sources in digital photographs},
    journal = {In 11th Central European Seminar on Computer Graphics},
    year = {2007}
}

@inproceedings{DebevecRSO,
 author = {Debevec, Paul},
 title = {Rendering Synthetic Objects into Real Scenes: Bridging Traditional and Image-based Graphics with Global Illumination and High Dynamic Range Photography},
 booktitle = {ACM SIGGRAPH 2008 Classes},
 series = {SIGGRAPH '08},
 year = {2008},
 location = {Los Angeles, California},
 pages = {32:1--32:10},
 articleno = {32},
 numpages = {10},
 url = {http://doi.acm.org/10.1145/1401132.1401175},
 doi = {10.1145/1401132.1401175},
 acmid = {1401175},
 publisher = {ACM},
 address = {New York, NY, USA},
} 

@inproceedings{Debevec,
 author = {Debevec, Paul E. and Malik, Jitendra},
 title = {Recovering High Dynamic Range Radiance Maps from Photographs},
 booktitle = {Proceedings of the 24th Annual Conference on Computer Graphics and Interactive Techniques},
 series = {SIGGRAPH '97},
 year = {1997},
 isbn = {0-89791-896-7},
 pages = {369--378},
 numpages = {10},
 url = {http://dx.doi.org/10.1145/258734.258884},
 doi = {10.1145/258734.258884},
 acmid = {258884},
 publisher = {ACM Press/Addison-Wesley Publishing Co.},
 address = {New York, NY, USA},
} 

@article{Blinn76,
 author = {Blinn, James F. and Newell, Martin E.},
 title = {Texture and Reflection in Computer Generated Images},
 journal = {Commun. ACM},
 issue_date = {Oct. 1976},
 volume = {19},
 number = {10},
 month = oct,
 year = {1976},
 issn = {0001-0782},
 pages = {542--547},
 numpages = {6},
 url = {http://doi.acm.org/10.1145/360349.360353},
 doi = {10.1145/360349.360353},
 acmid = {360353},
 publisher = {ACM},
 address = {New York, NY, USA},
 keywords = {computer graphics, graphic display, hidden surface removal, shading},
} 

@INPROCEEDINGS{kanbara2004, 
author={M. Kanbara and N. Yokoya}, 
booktitle={Proceedings of the 17th International Conference on Pattern Recognition, 2004. ICPR 2004.}, 
title={Real-time estimation of light source environment for photorealistic augmented reality}, 
year={2004}, 
volume={2}, 
pages={911-914 Vol.2}, 
keywords={augmented reality;image representation;photometric light sources;real-time systems;2D square marker;3D marker;cast shadow;geometric registration problem;light source environment;mirror ball;photometric registration problem;photorealistic augmented reality;real-time estimation;Augmented reality;Light sources;Pattern recognition}, 
doi={10.1109/ICPR.2004.1334407}, 
ISSN={1051-4651}, 
month={Aug},}

@article {mccamy1992,
author = {McCamy, C. S.},
title = {Correlated color temperature as an explicit function of chromaticity coordinates},
journal = {Color Research and Application},
volume = {17},
number = {2},
publisher = {Wiley Subscription Services, Inc., A Wiley Company},
issn = {1520-6378},
url = {http://dx.doi.org/10.1002/col.5080170211},
doi = {10.1002/col.5080170211},
pages = {142--144},
year = {1992},
}

