@article{agusanto2003,
    author  = "Kazuma Agusanto and Li Li and Zhu Chuangui and Ng Wan Sing",
    title   = "Photorealistic rendering for augmented reality using environment illumination",
    year    = "2003",
    journal = "Proceedings of the Second IEEE and ACM International Symposium on Mixed and Augmented Reality"
}

@article{pessoa2011,
    author  = "Saulo A. Pessoa and Guilherme de S. Moura and Joao Paulo S. do M. Lima and Veronica Teichrieb and Judith Kelner",
    title   = "RPR-SORS: Real-time photorealistic rendering of synthetic objects into real scenes",
    year    = "2011",
    journal = "Elsevier"
}

@article{karsh2014,
    author  = "Karsch K. and Sunkavalli K. and Hadap S.and Carr N. and Jin H. and Fonte R. and Sittig M. and Forsyth D",
    title   = "Automatic scene inference for 3d object compositing",
    year    = "2014",
    journal = "ACM Transactions on Graphics"
}

